% This is a sample BibTeX bibliography file, showing articles, theses, 
% proceedings, books and collections being cited
%
% Bibtex is fairly lax about capitalization, so AUTHOR, author, Author, are all
% equivalent ways to specify the author(s) of a work. Similarly, things can be
% in quotation marks or enclosed in "{...}" or sometimes just printed with no
% enclosing punctuation at all.
%
% Bibtex entries copied from the Web (even from the ACM Digital Library site) are
% often wrong, or badly formatted. PROOFREAD YOUR BIBTEX FILE!
%
% To force a word to be capitalized when BibTeX doesn't want to do it, put 
% braces around the first letter, like this:
%          {T}hird {I}nternational {C}onference on {C}omputer {G}aming
%
% For URLs, use the \url{...} command inside a NOTE item, e.g.,
%
%           NOTE = {\url{http://cs.allegheny.edu}. Accessed 1 April 2013.},
%
% (There is a url entry type; it does not display anything.)
@inproceedings{Taming-the-complexity,
author = {Sangwan, Raghvinder S.},
title = {Taming the complexity: The need for program understanding in software engineering},
booktitle = {Pennsylvania State Universit, Great Valley School of Graduate Professional Studies},
pages = {1--13},
numpages = {13},
url = {https://structure101.com/static-content/pages/resources/documents/prog-understanding.pdf},
keywords = {Structure101, program understanding, software engineering},
}
%Keep this one
@inproceedings{Binkley,
 author = {Binkley, David},
 title = {Source Code Analysis: A Road Map},
 booktitle = {2007 Future of Software Engineering},
 series = {FOSE '07},
 year = {2007},
 isbn = {0-7695-2829-5},
 pages = {104--119},
 numpages = {16},
 url = {http://dx.doi.org/10.1109/FOSE.2007.27},
 doi = {10.1109/FOSE.2007.27},
 acmid = {1254713},
 publisher = {IEEE Computer Society},
 address = {Washington, DC, USA},
}
%DO NOT ERASE CITATION
@INPROCEEDINGS{bugFindingTools, 
author={Rutar, N. and Almazan, C.B. and Foster, J.S.}, 
booktitle={Software Reliability Engineering, 2004. ISSRE 2004. 15th International Symposium on}, 
title={A {C}omparison of {B}ug {F}inding {T}ools for Java}, 
year={2004}, 
pages={245-256}, 
keywords={Java;program compilers;program debugging;software tools;Bandera;ESC;FindBug;JLint;Java;PMD;bug finding tool;source code;Computer bugs;Data analysis;Educational institutions;Java;Pattern analysis;Pattern matching;Radio access networks;Reliability engineering;Software debugging;Software reliability}, 
doi={10.1109/ISSRE.2004.1}, 
ISSN={1071-9458}, 
month={Nov},
}
%DO NOT ERASE CITATION
@inproceedings{Kim,
 author = {Kim, Sunghun and Pan, Kai and Whitehead,Jr., E. E. James},
 title = {Memories of {B}ug {F}ixes},
 booktitle = {Proceedings of the 14th ACM SIGSOFT International Symposium on Foundations of Software Engineering},
 series = {SIGSOFT '06/FSE-14},
 year = {2006},
 isbn = {1-59593-468-5},
 location = {Portland, Oregon, USA},
 pages = {35--45},
 numpages = {11},
 url = {http://doi.acm.org/10.1145/1181775.1181781},
 doi = {10.1145/1181775.1181781},
 acmid = {1181781},
 publisher = {ACM},
 address = {New York, NY, USA},
 keywords = {bug, bug finding tool, fault, fix, patterns, prediction},
}
%DO NOT ERASE CITATION
@inproceedings{Urma,
 author = {Urma, Raoul-Gabriel and Mycroft, Alan},
 title = {Programming {L}anguage {E}volution via {S}ource {C}ode {Q}uery {L}anguages},
 booktitle = {Proceedings of the ACM 4th Annual Workshop on Evaluation and Usability of Programming Languages and Tools},
 series = {PLATEAU '12},
 year = {2012},
 isbn = {978-1-4503-1631-6},
 location = {Tucson, Arizona, USA},
 pages = {35--38},
 numpages = {4},
 url = {http://doi.acm.org/10.1145/2414721.2414728},
 doi = {10.1145/2414721.2414728},
 acmid = {2414728},
 publisher = {ACM},
 address = {New York, NY, USA},
 keywords = {program analysis, query languages, source code},
}
@inproceedings{Merson:2013:UAE:2508075.2508433,
 author = {Merson, Paulo},
 title = {Ultimate {A}rchitecture {E}nforcement: {C}ustom {C}hecks {E}nforced at {C}ode-commit {T}ime},
 booktitle = {Proceedings of the 2013 Companion Publication for Conference on Systems, Programming, \&\#38; Applications: Software for Humanity},
 series = {SPLASH '13},
 year = {2013},
 isbn = {978-1-4503-1995-9},
 location = {Indianapolis, Indiana, USA},
 pages = {153--160},
 numpages = {8},
 url = {http://doi.acm.org/10.1145/2508075.2508433},
 doi = {10.1145/2508075.2508433},
 acmid = {2508433},
 publisher = {ACM},
 address = {New York, NY, USA},
 keywords = {architecture conformance, architecture enforcement, Checkstyle., java, software architecture, static analysis},
}
@inproceedings{Ayewah:2010:GFF:1831708.1831738,
 author = {Ayewah, Nathaniel and Pugh, William},
 title = {The {G}oogle {F}indBugs {F}ixit},
 booktitle = {Proceedings of the 19th International Symposium on Software Testing and Analysis},
 series = {ISSTA '10},
 year = {2010},
 isbn = {978-1-60558-823-0},
 location = {Trento, Italy},
 pages = {241--252},
 numpages = {12},
 url = {http://doi.acm.org/10.1145/1831708.1831738},
 doi = {10.1145/1831708.1831738},
 acmid = {1831738},
 publisher = {ACM},
 address = {New York, NY, USA},
 keywords = {bug patterns, bugs, false positives, FindBugs, java, software defects, software quality, static analysis},
}
@inproceedings{Hovemeyer:2004:FBE:1028664.1028717,
 author = {Hovemeyer, David and Pugh, William},
 title = {Finding {B}ugs is {E}asy},
 booktitle = {Companion to the 19th Annual ACM SIGPLAN Conference on Object-oriented Programming Systems, Languages, and Applications},
 series = {OOPSLA '04},
 year = {2004},
 isbn = {1-58113-833-4},
 location = {Vancouver, BC, CANADA},
 pages = {132--136},
 numpages = {5},
 url = {http://doi.acm.org/10.1145/1028664.1028717},
 doi = {10.1145/1028664.1028717},
 acmid = {1028717},
 publisher = {ACM},
 address = {New York, NY, USA},
 keywords = {bug checkers, bug patterns, bugs, static analysis},
}
@article{Hovemeyer:2004:FBE:1052883.1052895,
 author = {Hovemeyer, David and Pugh, William},
 title = {Finding {B}ugs is {E}asy},
 journal = {SIGPLAN Not.},
 issue_date = {December 2004},
 volume = {39},
 number = {12},
 month = dec,
 year = {2004},
 issn = {0362-1340},
 pages = {92--106},
 numpages = {15},
 url = {http://doi.acm.org/10.1145/1052883.1052895},
 doi = {10.1145/1052883.1052895},
 acmid = {1052895},
 publisher = {ACM},
 address = {New York, NY, USA},
}
@inproceedings{Ayewah:2010:NDA:1806672.1806686,
 author = {Ayewah, Nathaniel and Pugh, William},
 title = {Null {D}ereference {A}nalysis in {P}ractice},
 booktitle = {Proceedings of the 9th ACM SIGPLAN-SIGSOFT Workshop on Program Analysis for Software Tools and Engineering},
 series = {PASTE '10},
 year = {2010},
 isbn = {978-1-4503-0082-7},
 location = {Toronto, Ontario, Canada},
 pages = {65--72},
 numpages = {8},
 url = {http://doi.acm.org/10.1145/1806672.1806686},
 doi = {10.1145/1806672.1806686},
 acmid = {1806686},
 publisher = {ACM},
 address = {New York, NY, USA},
 keywords = {null pointer dereference, static analysis},
}
@inproceedings{Smaragdakis:2007:CSD:1776119.1776120,
 author = {Smaragdakis, Yannis and Csallner, Christoph},
 title = {Combining {S}tatic and {D}ynamic {R}easoning for {B}ug {D}etection},
 booktitle = {Proceedings of the 1st International Conference on Tests and Proofs},
 series = {TAP'07},
 year = {2007},
 isbn = {3-540-73769-3, 978-3-540-73769-8},
 location = {Zurich, Switzerland},
 pages = {1--16},
 numpages = {16},
 url = {http://dl.acm.org/citation.cfm?id=1776119.1776120},
 acmid = {1776120},
 publisher = {Springer-Verlag},
 address = {Berlin, Heidelberg},
}
@BOOK{softwareEngineering,
AUTHOR = {Pfleeger, Shari Lawrence	and Joanne M. Atlee},
TITLE = {Software {E}ngineering: {T}heory and {P}ractice},
PUBLISHER = {Prentice Hall; 4th edition},
ADDRESS = {Upper Saddle River, New Jersey},
YEAR = {2009},
}
@article{artho_havelund, 
title={Applying {J}lint to {S}pace {E}xploration {S}oftware}, 
journal={Lecture Notes in Computer Science Verification, Model Checking, and Abstract Interpretation}, 
author={Artho, Cyrille and Havelund, Klaus}, pages={297â€“308},
}
@inproceedings{Artho:2001:ASA:872024.872575,
 author = {Artho, Cyrille and Biere, Armin},
 title = {Applying {S}tatic {A}nalysis to {L}arge-{S}cale, {M}ulti-{T}hreaded {J}ava {P}rograms},
 booktitle = {Proceedings of the 13th Australian  Conference on Software Engineering},
 series = {ASWEC '01},
 year = {2001},
 pages = {68--},
 url = {http://dl.acm.org/citation.cfm?id=872024.872575},
 acmid = {872575},
 publisher = {IEEE Computer Society},
 address = {Washington, DC, USA},
}
@inproceedings{Corbett:2000:BEF:337180.337234,
 author = {Corbett, James C. and Dwyer, Matthew B. and Hatcliff, John and Laubach, Shawn and Puasuareanu, Corina S. and Robby and Zheng, Hongjun},
 title = {Bandera: {E}xtracting {F}inite-state {M}odels from {J}ava {S}ource {C}ode},
 booktitle = {Proceedings of the 22Nd International Conference on Software Engineering},
 series = {ICSE '00},
 year = {2000},
 isbn = {1-58113-206-9},
 location = {Limerick, Ireland},
 pages = {439--448},
 numpages = {10},
 url = {http://doi.acm.org/10.1145/337180.337234},
 doi = {10.1145/337180.337234},
 acmid = {337234},
 publisher = {ACM},
 address = {New York, NY, USA},
 keywords = {abstract interpretation, model checking, model extraction, program specialization, program verification, slicing},
}
@inproceedings{Corbett:2000:BSI:337180.337625,
 author = {Corbett, James C. and Dwyer, Matthew B. and Hatcliff, John and Robby},
 title = {Bandera: A Source-level Interface for Model Checking Java Programs},
 booktitle = {Proceedings of the 22Nd International Conference on Software Engineering},
 series = {ICSE '00},
 year = {2000},
 isbn = {1-58113-206-9},
 location = {Limerick, Ireland},
 pages = {762--765},
 numpages = {4},
 url = {http://doi.acm.org/10.1145/337180.337625},
 doi = {10.1145/337180.337625},
 acmid = {337625},
 publisher = {ACM},
 address = {New York, NY, USA},
 keywords = {Java, debugging and testing, model checking, program analysis},
}
@article{chalin_kiniry_leavens_poll, 
title={Beyond {A}ssertions: {A}dvanced {S}pecification and {V}erification with {JML} and {ESC}/{J}ava2}, 
journal={Formal Methods for Components and Objects Lecture Notes in Computer Science},
author={Chalin, Patrice and Kiniry, Joseph R. and Leavens, Gary T. and Poll, Erik}, pages={342â€“363},
}
@inproceedings{Flanagan:2002:ESC:512529.512558,
 author = {Flanagan, Cormac and Leino, K. Rustan M. and Lillibridge, Mark and Nelson, Greg and Saxe, James B. and Stata, Raymie},
 title = {Extended {S}tatic {C}hecking for {J}ava},
 booktitle = {Proceedings of the ACM SIGPLAN 2002 Conference on Programming Language Design and Implementation},
 series = {PLDI '02},
 year = {2002},
 isbn = {1-58113-463-0},
 location = {Berlin, Germany},
 pages = {234--245},
 numpages = {12},
 url = {http://doi.acm.org/10.1145/512529.512558},
 doi = {10.1145/512529.512558},
 acmid = {512558},
 publisher = {ACM},
 address = {New York, NY, USA},
 keywords = {compile-time program checking},
}
@article{Flanagan:2002:ESC:543552.512558,
 author = {Flanagan, Cormac and Leino, K. Rustan M. and Lillibridge, Mark and Nelson, Greg and Saxe, James B. and Stata, Raymie},
 title = {Extended {S}tatic {C}hecking for {J}ava},
 journal = {SIGPLAN Not.},
 issue_date = {May 2002},
 volume = {37},
 number = {5},
 month = may,
 year = {2002},
 issn = {0362-1340},
 pages = {234--245},
 numpages = {12},
 url = {http://doi.acm.org/10.1145/543552.512558},
 doi = {10.1145/543552.512558},
 acmid = {512558},
 publisher = {ACM},
 address = {New York, NY, USA},
 keywords = {compile-time program checking},
}
@misc{apache_commons_bcel-2004, 
title={The {B}yte {C}ode {E}ngineering {L}ibrary}, 
note = {\url{http://jakarta.apache.org/bcel/}. Accessed 26 February 2016}, 
journal={Apache Commons BCELâ„¢ -}, 
year={2004},
}
 @inproceedings{Hovemeyer:2007,
 author = {Hovemeyer, David and Pugh, William},
 title = {Finding {M}ore {N}ull {P}ointer {B}ugs, but {N}ot {T}oo {M}any},
 booktitle = {Proceedings of the 7th ACM SIGPLAN-SIGSOFT Workshop on Program Analysis for Software Tools and Engineering},
 series = {PASTE '07},
 year = {2007},
 isbn = {978-1-59593-595-3},
 location = {San Diego, California, USA},
 pages = {9--14},
 numpages = {6},
 url = {http://doi.acm.org/10.1145/1251535.1251537},
 doi = {10.1145/1251535.1251537},
 acmid = {1251537},
 publisher = {ACM},
 address = {New York, NY, USA},
 keywords = {FindBugs, Java, bug patterns, bugs, null pointers, software quality, static analysis},
}
@inproceedings{Cole:2006:IYS:1176617.1176667,
 author = {Cole, Brian and Hakim, Daniel and Hovemeyer, David and Lazarus, Reuven and Pugh, William and Stephens, Kristin},
 title = {Improving {Y}our {S}oftware {U}sing {S}tatic {A}nalysis to {F}ind {B}ugs},
 booktitle = {Companion to the 21st ACM SIGPLAN Symposium on Object-oriented Programming Systems, Languages, and Applications},
 series = {OOPSLA '06},
 year = {2006},
 isbn = {1-59593-491-X},
 location = {Portland, Oregon, USA},
 pages = {673--674},
 numpages = {2},
 url = {http://doi.acm.org/10.1145/1176617.1176667},
 doi = {10.1145/1176617.1176667},
 acmid = {1176667},
 publisher = {ACM},
 address = {New York, NY, USA},
 keywords = {FindBugs, Java, static analysis},
}
@misc{copeland2005pmd,
	title={{PMD} applied},
	author={Copeland, Tom},
	year={2005},
}
@misc{pmd, 
	title={{PMD}},
	NOTE = {\url{https://pmd.github.io/}. Accessed 28 March 2016.},
	journal={PMD},
}
@inproceedings{blackburn2006dacapo,
	title={The {D}a{C}apo benchmarks: {J}ava benchmarking development and analysis},
	author={Blackburn, Stephen M and Garner, Robin and Hoffmann, Chris and Khang, Asjad M and McKinley, Kathryn S and Bentzur, Rotem and Diwan, Amer and Feinberg, Daniel and Frampton, Daniel and Guyer, Samuel Z and others},
	booktitle={ACM Sigplan Notices},
	volume={41},
	number={10},
	pages={169--190},
	year={2006},
	organization={ACM},
}
@inproceedings{Helmick:2007:IPA:1268784.1268805,
	author = {Helmick, Michael T.},
	title = {Interface-based {P}rogramming {A}ssignments and {A}utomatic {G}rading of {J}ava {P}rograms},
	booktitle = {Proceedings of the 12th Annual SIGCSE Conference on Innovation and Technology in Computer Science Education},
	series = {ITiCSE '07},
	year = {2007},
	isbn = {978-1-59593-610-3},
	location = {Dundee, Scotland},
	pages = {63--67},
	numpages = {5},
	url = {http://doi.acm.org/10.1145/1268784.1268805},
	doi = {10.1145/1268784.1268805},
	acmid = {1268805},
	publisher = {ACM},
	address = {New York, NY, USA},
	keywords = {automated grading, interfaces, java},
}
@inproceedings{Kim:2007:WIF:1287624.1287633,
	author = {Kim, Sunghun and Ernst, Michael D.},
	title = {Which Warnings Should I Fix First?},
	booktitle = {Proceedings of the the 6th Joint Meeting of the European Software Engineering Conference and the ACM SIGSOFT Symposium on The Foundations of Software Engineering},
	series = {ESEC-FSE '07},
	year = {2007},
	isbn = {978-1-59593-811-4},
	location = {Dubrovnik, Croatia},
	pages = {45--54},
	numpages = {10},
	url = {http://doi.acm.org/10.1145/1287624.1287633},
	doi = {10.1145/1287624.1287633},
	acmid = {1287633},
	publisher = {ACM},
	address = {New York, NY, USA},
	keywords = {bug, bug-finding tool, fault, fix, patterns, prediction},
}
@inproceedings{Liang:2013:IPB:2491411.2491422,
	author = {Liang, Guangtai and Wang, Qianxiang and Xie, Tao and Mei, Hong},
	title = {Inferring Project-specific Bug Patterns for Detecting Sibling Bugs},
	booktitle = {Proceedings of the 2013 9th Joint Meeting on Foundations of Software Engineering},
	series = {ESEC/FSE 2013},
	year = {2013},
	isbn = {978-1-4503-2237-9},
	location = {Saint Petersburg, Russia},
	pages = {565--575},
	numpages = {11},
	url = {http://doi.acm.org/10.1145/2491411.2491422},
	doi = {10.1145/2491411.2491422},
	acmid = {2491422},
	publisher = {ACM},
	address = {New York, NY, USA},
	keywords = {Project-specific bug patterns, incomplete fixes, sibling-bug detection},
}
@inproceedings{Butler:2009:EIN:1595782.1595796,
	author = {Butler, Simon},
	title = {The {E}ffect of {I}dentifier {N}aming on {S}ource {C}ode {R}eadability and {Q}uality},
	booktitle = {Proceedings of the Doctoral Symposium for ESEC/FSE on Doctoral Symposium},
	series = {ESEC/FSE Doctoral Symposium '09},
	year = {2009},
	isbn = {978-1-60558-731-8},
	location = {Amsterdam, The Netherlands},
	pages = {33--34},
	numpages = {2},
	url = {http://doi.acm.org/10.1145/1595782.1595796},
	doi = {10.1145/1595782.1595796},
	acmid = {1595796},
	publisher = {ACM},
	address = {New York, NY, USA},
	keywords = {FindBugs, identifier quality, readability, source code quality},
}
@inproceedings{Spacco:2006:TDW:1137983.1138014,
	author = {Spacco, Jaime and Hovemeyer, David and Pugh, William},
	title = {Tracking {D}efect {W}arnings {A}cross {V}ersions},
	booktitle = {Proceedings of the 2006 International Workshop on Mining Software Repositories},
	series = {MSR '06},
	year = {2006},
	isbn = {1-59593-397-2},
	location = {Shanghai, China},
	pages = {133--136},
	numpages = {4},
	url = {http://doi.acm.org/10.1145/1137983.1138014},
	doi = {10.1145/1137983.1138014},
	acmid = {1138014},
	publisher = {ACM},
	address = {New York, NY, USA},
	keywords = {FindBugs, Java, bug histories, bug tracking, static analysis},
}
@inproceedings{Mitropoulos:2014:BCM:2597073.2597123,
	author = {Mitropoulos, Dimitris and Karakoidas, Vassilios and Louridas, Panos and Gousios, Georgios and Spinellis, Diomidis},
	title = {The {B}ug {C}atalog of the {M}aven {E}cosystem},
	booktitle = {Proceedings of the 11th Working Conference on Mining Software Repositories},
	series = {MSR 2014},
	year = {2014},
	isbn = {978-1-4503-2863-0},
	location = {Hyderabad, India},
	pages = {372--375},
	numpages = {4},
	url = {http://doi.acm.org/10.1145/2597073.2597123},
	doi = {10.1145/2597073.2597123},
	acmid = {2597123},
	publisher = {ACM},
	address = {New York, NY, USA},
	keywords = {FindBugs, Maven Repository, Software Bugs},
}
@inproceedings{Ayewah:2007:ESA:1251535.1251536,
	author = {Ayewah, Nathaniel and Pugh, William and Morgenthaler, J. David and Penix, John and Zhou, YuQian},
	title = {Evaluating {S}tatic {A}nalysis {D}efect {W}arnings on {P}roduction {S}oftware},
	booktitle = {Proceedings of the 7th ACM SIGPLAN-SIGSOFT Workshop on Program Analysis for Software Tools and Engineering},
	series = {PASTE '07},
	year = {2007},
	isbn = {978-1-59593-595-3},
	location = {San Diego, California, USA},
	pages = {1--8},
	numpages = {8},
	url = {http://doi.acm.org/10.1145/1251535.1251536},
	doi = {10.1145/1251535.1251536},
	acmid = {1251536},
	publisher = {ACM},
	address = {New York, NY, USA},
	keywords = {FindBugs, Java, bug patterns, bugs, false positives, software defects, software quality, static analysis},
}
@ARTICLE{StaticCodeAnalysisApproach,
    author  = {Ivo Gomes and Pedro Morgado and Tiago Gomes and Rodrigo Moreira},
    title   = {An overview on the {S}tatic {C}ode {A}nalysis approach in {S}oftware {D}evelopment},
    journal = {Faculdade de Engenharia da Universidade do Porto, Rua Dr. Roberto Frias 4200-465, Porto, Portugal},
}
@article{hsu_jagannathan_mustehsan_mwamufiya_novakouski_2007, 
title={{A}nalysis {T}ool {E}valuation: {PMD}}, journal={School of Computer Science Carnegie Mellon University}, 
author={Allen Hsu and Somakala Jagannathan and Sajjad Mustehsan and Session Mwamufiya and Marc Novakouski}, 
year={2007}, 
month={Apr},
}
@article{34339,
title = {{E}xperiences {U}sing {S}tatic {A}nalysis to {F}ind {B}ugs},
author  = {Nathaniel Ayewah and David Hovemeyer and J. David Morgenthaler and John Penix and William Pugh},
year  = {2008},
note  = {Special issue on software development tools, September/October (25:5)},
journal = {IEEE Software},
pages = {22--29},
volume  = {25},
}
@INPROCEEDINGS{7081826, 
author={S. Panichella and V. Arnaoudova and M. Di Penta and G. Antoniol}, 
booktitle={Software Analysis, Evolution and Reengineering (SANER), 2015 IEEE 22nd International Conference on}, 
title={Would static analysis tools help developers with code reviews?}, 
year={2015}, 
pages={161-170}, 
keywords={Java;project management;software management;software quality;software tools;Gerrit repository;Java open source projects;broad warning detection;code quality;code review process;code reviews developers;coding standards;patch submission;project evolution history;software projects;static analysis tools;Context;Data mining;Encoding;History;Java;Software;Standards;Code Review;Empirical Study;Mining Software Repositories;Static Analysis}, 
doi={10.1109/SANER.2015.7081826}, 
month={March},
}
@misc{CheckstyleStandardChecks, 
title={Checkstyle â€“ {S}tandard {C}hecks}, 
NOTE={\url{http://Checkstyle.sourceforge.net/checks.html}. Accessed 1 April 2016.},
journal={Checkstyle â€“ Standard Checks},
}
@misc{sprunck,
author={Markus Sprunck},
title={{C}omparison of {S}tatic {C}ode {A}nalysis {T}ools for {J}ava - {F}indbugs vs {PMD} vs {C}heckstyle - {S}oftware {E}ngineering {C}andies},
NOTE={\url{https://sites.google.com/site/markussprunck/blog-1/comparison-of-FindBugs-pmd-and-Checkstyle}. Accessed 1 April 2016.},
journal={Comparison of Static Code Analysis Tools for Java - FindBugs vs PMD vs Checkstyle - Software Engineering Candies},
}
@misc{dennis2013,
	author={Dane Dennis},
	title={Exploit better the results of {P}md, {F}indbugs and {C}heck{S}tyle.},
	NOTE={\url{https://www.javacodegeeks.com/2013/11/exploit-better-the-results-of-pmd-FindBugs-and-Checkstyle.html}. Accessed 1 April 2016.},
	journal={Java Code Geeks},
	year={2013},
	mouth={Nov},
}
@misc{FindBugs, 
title={FindBugsâ„¢ - {F}ind {B}ugs in {J}ava {P}rograms}, 
NOTE={\url{http://FindBugs.sourceforge.net/}. Access 1 April 2016.}, 
journal={FindBugsâ„¢ - Find Bugs in Java Programs}, 
publisher={The University of Maryland},
}
@misc{zeil_2015, 
title={{P}rogram {A}nalysis {T}ools}, 
NOTE={\url{https://www.cs.odu.edu/~zeil/cs350/s16/public/analysis/}. Accessed 1 April 2016.},
journal={Program Analysis Tools}, 
author={Zeil, Steven J}, 
year={2015}, 
month={Apr},
}
@misc{shelajev_2014, 
title={The {W}ise {D}evelopers' {G}uide to {S}tatic {C}ode {A}nalysis featuring {F}ind{B}ugs, {C}heckstyle, {PMD}, {C}overity and {S}onarQube}, NOTE={\url{http://zeroturnaround.com/rebellabs/developers-guide-static-code-analysis-FindBugs-Checkstyle-pmd-coverity-sonarqube/}. Accessed April 1 2016.}, 
journal={The Wise Developers' Guide to Static Code Analysis featuring FindBugs, Checkstyle, PMD, Coverity and SonarQube}, 
author={Shelajev, Oleg}, 
year={2014}, 
month={Apr},
}
@article{minde_sistla_salk_li_saito_2009, 
title={Tool analysis report - {PMD} {A}nalysis of {S}oftware {A}rtifacts}, 
NOTE={\url{https://www.cs.cmu.edu/~aldrich/courses/654-sp07/tools/group2-pmd-2009.pdf}. Accessed 1 April 2016}, 
journal={Carnegie Mellon University - Department of Materials Science and Engineering 2009}, 
author={Minde, Abhishek and Sistla, Bhanu and Salk, Jeff and Li, Nan and Saito, Yuki}, 
year={2009},
}
@misc{1_foster_2016, 
author={Foster, Jeff},
title={CMSC 631 - Program Analysis and Understanding - Data Flow Analysis},
year={2016},
NOTE =  {\url{https://www.cs.umd.edu/class/fall2010/cmsc631/data-flow.pdf}. Access 4 April 2016.},
}