@inproceedings{Nagpurkar,
 author = {Nagpurkar, Priya and Krintz, Chandra},
 title = {Visualization and {A}nalysis of {P}hased {B}ehavior in {J}ava {P}rograms},
 booktitle = {Proceedings of the 3rd International Symposium on Principles and Practice of Programming in Java},
 series = {PPPJ '04},
 year = {2004},
 isbn = {1-59593-171-6},
 location = {Las Vegas, Nevada, USA},
 pages = {27--33},
 numpages = {7},
 url = {http://dl.acm.org/citation.cfm?id=1071565.1071571},
 acmid = {1071571},
 publisher = {Trinity College Dublin},
}

@inproceedings{Taming-the-complexity,
author = {Sangwan, Raghvinder S.},
title = {Taming the complexity: The need for program understanding in software engineering},
booktitle = {Pennsylvania State Universit, Great Valley School of Graduate Professional Studies},
pages = {1--13},
numpages = {13},
url = {https://structure101.com/static-content/pages/resources/documents/prog-understanding.pdf},
keywords = {Structure101, program understanding, software engineering},
}
%Keep this one
@inproceedings{Binkley,
 author = {Binkley, David},
 title = {Source Code Analysis: A Road Map},
 booktitle = {2007 Future of Software Engineering},
 series = {FOSE '07},
 year = {2007},
 isbn = {0-7695-2829-5},
 pages = {104--119},
 numpages = {16},
 url = {http://dx.doi.org/10.1109/FOSE.2007.27},
 doi = {10.1109/FOSE.2007.27},
 acmid = {1254713},
 publisher = {IEEE Computer Society},
 address = {Washington, DC, USA},
}
%DO NOT ERASE CITATION
@INPROCEEDINGS{BugFindingTools, 
author={Rutar, N. and Almazan, C.B. and Foster, J.S.}, 
booktitle={Software Reliability Engineering, 2004. ISSRE 2004. 15th International Symposium on}, 
title={A {C}omparison of {B}ug {F}inding {T}ools for Java}, 
year={2004}, 
pages={245-256}, 
keywords={Java;program compilers;program debugging;software tools;Bandera;ESC;FindBug;JLint;Java;PMD;bug finding tool;source code;Computer bugs;Data analysis;Educational institutions;Java;Pattern analysis;Pattern matching;Radio access networks;Reliability engineering;Software debugging;Software reliability}, 
doi={10.1109/ISSRE.2004.1}, 
ISSN={1071-9458}, 
month={Nov},
}
%DO NOT ERASE CITATION
@inproceedings{Kim,
 author = {Kim, Sunghun and Pan, Kai and Whitehead,Jr., E. E. James},
 title = {Memories of {B}ug {F}ixes},
 booktitle = {Proceedings of the 14th ACM SIGSOFT International Symposium on Foundations of Software Engineering},
 series = {SIGSOFT '06/FSE-14},
 year = {2006},
 isbn = {1-59593-468-5},
 location = {Portland, Oregon, USA},
 pages = {35--45},
 numpages = {11},
 url = {http://doi.acm.org/10.1145/1181775.1181781},
 doi = {10.1145/1181775.1181781},
 acmid = {1181781},
 publisher = {ACM},
 address = {New York, NY, USA},
 keywords = {bug, bug finding tool, fault, fix, patterns, prediction},
}
%DO NOT ERASE CITATION
@inproceedings{Urma,
 author = {Urma, Raoul-Gabriel and Mycroft, Alan},
 title = {Programming {L}anguage {E}volution via {S}ource {C}ode {Q}uery {L}anguages},
 booktitle = {Proceedings of the ACM 4th Annual Workshop on Evaluation and Usability of Programming Languages and Tools},
 series = {PLATEAU '12},
 year = {2012},
 isbn = {978-1-4503-1631-6},
 location = {Tucson, Arizona, USA},
 pages = {35--38},
 numpages = {4},
 url = {http://doi.acm.org/10.1145/2414721.2414728},
 doi = {10.1145/2414721.2414728},
 acmid = {2414728},
 publisher = {ACM},
 address = {New York, NY, USA},
 keywords = {program analysis, query languages, source code},
}
@inproceedings{Merson:2013:UAE:2508075.2508433,
 author = {Merson, Paulo},
 title = {Ultimate {A}rchitecture {E}nforcement: {C}ustom {C}hecks {E}nforced at {C}ode-commit {T}ime},
 booktitle = {Proceedings of the 2013 Companion Publication for Conference on Systems, Programming, \&\#38; Applications: Software for Humanity},
 series = {SPLASH '13},
 year = {2013},
 isbn = {978-1-4503-1995-9},
 location = {Indianapolis, Indiana, USA},
 pages = {153--160},
 numpages = {8},
 url = {http://doi.acm.org/10.1145/2508075.2508433},
 doi = {10.1145/2508075.2508433},
 acmid = {2508433},
 publisher = {ACM},
 address = {New York, NY, USA},
 keywords = {architecture conformance, architecture enforcement, checkstyle., java, software architecture, static analysis},
}
@inproceedings{Ayewah:2010:GFF:1831708.1831738,
 author = {Ayewah, Nathaniel and Pugh, William},
 title = {The {G}oogle {F}indBugs {F}ixit},
 booktitle = {Proceedings of the 19th International Symposium on Software Testing and Analysis},
 series = {ISSTA '10},
 year = {2010},
 isbn = {978-1-60558-823-0},
 location = {Trento, Italy},
 pages = {241--252},
 numpages = {12},
 url = {http://doi.acm.org/10.1145/1831708.1831738},
 doi = {10.1145/1831708.1831738},
 acmid = {1831738},
 publisher = {ACM},
 address = {New York, NY, USA},
 keywords = {bug patterns, bugs, false positives, findbugs, java, software defects, software quality, static analysis},
}
@inproceedings{Hovemeyer:2004:FBE:1028664.1028717,
 author = {Hovemeyer, David and Pugh, William},
 title = {Finding {B}ugs is {E}asy},
 booktitle = {Companion to the 19th Annual ACM SIGPLAN Conference on Object-oriented Programming Systems, Languages, and Applications},
 series = {OOPSLA '04},
 year = {2004},
 isbn = {1-58113-833-4},
 location = {Vancouver, BC, CANADA},
 pages = {132--136},
 numpages = {5},
 url = {http://doi.acm.org/10.1145/1028664.1028717},
 doi = {10.1145/1028664.1028717},
 acmid = {1028717},
 publisher = {ACM},
 address = {New York, NY, USA},
 keywords = {bug checkers, bug patterns, bugs, static analysis},
}
@article{Hovemeyer:2004:FBE:1052883.1052895,
 author = {Hovemeyer, David and Pugh, William},
 title = {Finding {B}ugs is {E}asy},
 journal = {SIGPLAN Not.},
 issue_date = {December 2004},
 volume = {39},
 number = {12},
 month = dec,
 year = {2004},
 issn = {0362-1340},
 pages = {92--106},
 numpages = {15},
 url = {http://doi.acm.org/10.1145/1052883.1052895},
 doi = {10.1145/1052883.1052895},
 acmid = {1052895},
 publisher = {ACM},
 address = {New York, NY, USA},
}
@inproceedings{Ayewah:2010:NDA:1806672.1806686,
 author = {Ayewah, Nathaniel and Pugh, William},
 title = {Null {D}ereference {A}nalysis in {P}ractice},
 booktitle = {Proceedings of the 9th ACM SIGPLAN-SIGSOFT Workshop on Program Analysis for Software Tools and Engineering},
 series = {PASTE '10},
 year = {2010},
 isbn = {978-1-4503-0082-7},
 location = {Toronto, Ontario, Canada},
 pages = {65--72},
 numpages = {8},
 url = {http://doi.acm.org/10.1145/1806672.1806686},
 doi = {10.1145/1806672.1806686},
 acmid = {1806686},
 publisher = {ACM},
 address = {New York, NY, USA},
 keywords = {null pointer dereference, static analysis},
}
@inproceedings{Smaragdakis:2007:CSD:1776119.1776120,
 author = {Smaragdakis, Yannis and Csallner, Christoph},
 title = {Combining {S}tatic and {D}ynamic {R}easoning for {B}ug {D}etection},
 booktitle = {Proceedings of the 1st International Conference on Tests and Proofs},
 series = {TAP'07},
 year = {2007},
 isbn = {3-540-73769-3, 978-3-540-73769-8},
 location = {Zurich, Switzerland},
 pages = {1--16},
 numpages = {16},
 url = {http://dl.acm.org/citation.cfm?id=1776119.1776120},
 acmid = {1776120},
 publisher = {Springer-Verlag},
 address = {Berlin, Heidelberg},
}
@BOOK{softwareEngineering,
AUTHOR = {Pfleeger, Shari Lawrence	and Joanne M. Atlee},
TITLE = {Software {E}ngineering: {T}heory and {P}ractice},
PUBLISHER = {Prentice Hall; 4th edition},
ADDRESS = {Upper Saddle River, New Jersey},
YEAR = {2009},
}


